@manual{as5600,
    organization  = "Austria Mikro Systeme",
    title         = "12-Bit Programmable Contactless Potentiometer",
    number        = "AS5600",
    year          =  2018,
    month         =  "June",    
    note          = "Rev. 1.06"
}

@article{salem_2013,
    title={Dynamic and Kinematic Models and Control for Differential Drive Mobile Robots},
    volume={Vol. 3},
    number={No. 2},
    journal={International Journal of Current Engineering and Technology},
    author={Salem, Farhan A.},
    year={2013},
    pages={253-263}
}

@misc{turtlebot,
    title = {About - TurtleBot},
    howpublished = {\url{https://www.turtlebot.com/about/}},
  note = {Accessed: 28/02/2019}
}

@misc{turtlebotcost,
    title = {TurtleBot 2 Complete},
    howpublished = {\url{https://store.clearpathrobotics.com/products/turtlebot-2}},
  note = {Accessed: 28/02/2019}
}